@book{DornBader2023,
  editor = {MÃ¼ller, Rainer},
  title = {Dorn-Bader Physik SII Gesamtband Gymnasium},
  publisher = {Westermann Bildungshaus Verlag GmbH, Braunschweig},
  year = 2023
}

@book{Metzler2007,
  edition = 4,
  editor = {Grehn, Joachim and Krause, Joachim},
  series = {Metzler Physik SII},
  title = {Metzler Physik},
  publisher = {Bildungshaus Schulbuchverlage Westermann Schroedel},
  year = 2007
}

@misc{stackCompton,
keywords={figure},
title={3D bang/boom shape in Tikz},
author={Allentro auf StackExchange},
year={2019},
url={https://tex.stackexchange.com/questions/512240/3d-bang-boom-shape-in-tikz},
addendum={Zugriff am 12.11.2024}
}

@misc{youtubeComptonEng,
keywords={video},
title={What is Compton Scattering?},
author={Physics Explained},
year={2020},
url={https://www.youtube.com/watch?v=rGy7nsC8O_Y},
addendum={Zugriff am 12.11.2024}
}

@misc{CompDat,
keywords={figure},
title={Compton Shift},
author={Mini Physics},
url={https://www.miniphysics.com/compton-shift.html},
addendum={Zugriff am 13.11.2024}
}

@misc{youtubeComptonDeu,
keywords={video},
title={Der Compton-Effekt - Herleitung der Formel (Physik)},
author={Think Logic},
year={2022},
url={https://www.youtube.com/watch?v=10JQdgyJtSM},
addendum={Zugriff am 12.11.2024}
}
